1431 2580
9 73 90 146 ‘or
114 40 657 144 nusuauucrrouucnnbrs.149'
709 77 713 80 ·

11 244 22 257 ,Ι
40 195 69 240 de
85 193 249 255 lapsu-Diaboli
259 208 352 256 propter
361 193 437 240 fastum
447 207 470 249 et
487 196 561 240 aDeo
576 193 639 240 dese*
681 187 687 189 ’

38 263 133 308 dionem
142 262 301 317 testimonium,
319 279 370 311 cum
383 264 492 322 Platonica
508 258 638 308 Daemono-
689 260 691 270 ¹

38 330 97 391 logia
108 331 263 376 coniunxerint
274 345 341 392 atque
350 344 451 391 portenta
462 332 591 388 opinionum
602 331 636 374 in-

38 398 68 443 de
82 396 259 451 eflormauerint5
276 412 301 445 ut
321 414 366 443 non
383 397 598 456 maiessiirtulliattus
615 398 634 454 Ι)

38 469 149 520 Platonem
168 467 221 511 bana
232 464 278 525 fide
296 467 385 512 oninium
401 466 550 511 haereticorum
565 463 635 510 coadi-

36 530 162 578 mtnrnriunr
173 535 265 589 dixerit,
282 535 379 595 inprimis
392 550 446 587 cum„
452 533 528 585 addat,
545 529 633 591 bonafi-

35 603 61 658 de
70 598 151 653 {ASed
163 602 217 662 quid
231 601 271 649 fiet
285 603 316 648 illi
330 603 413 663 duplici
425 602 501 663 generi
510 601 634 654 hominum,

35 669 98 730 quod
108 684 137 714 ex
146 672 243 722 barrato,
258 686 324 730 quem
336 668 457 727 Philastrins
471 670 547 722 nimis,
564 682 588 713 vt
597 667 632 713 so-

34 736 78 790 let,
97 737 240 798 negligenter
257 737 379 799 exsuipffl,
402 736 475 784 statuit
490 734 632 783 Saturninus?

26 804 124 859 vScilicet
135 806 171 851 hic
180 807 263 852 irenaei
273 820 309 852 aut
321 800 396 885 potius
406 806 540 868 interpretis
543 805 589 850 eius
603 802 631 849 fi-

34 873 86 919 dem
97 872 203 920 desidero
240 876 285 938 Qut
295 889 354 920 emm
365 873 476 935 fingebant
488 873 587 933 Anoelos
601 871 631 917 de
667 892 668 895 ¹

33 941 136 986 communi
151 941 254 988 consensu
269 943 382 998 hominem
396 942 486 997 creade,
511 939 629 1001 quomodo

33 1009 138 1070 deinceps
149 1009 222 1057 dicere
232 1010 360 1071 potuissent,
376 1025 443 1056 vnum
458 1024 527 1071 genus
539 1009 630 1062 bonum,
644 1008 649 1068 J

33 1077 124 1123 alterum
135 1078 331 1139 malumextitiffea
356 1077 630 1139 Ferrem,s1printoium'·¹
680 1088 681 1091 ’

33 1144 103 1191 sissent
112 1146 200 1207 angelos
208 1147 327 1193 contrariae
333 1161 432 1202 naturae,
450 1159 550 1207 quosque
559 1159 629 1206 genus

34 1214 146 1274 quoddam
166 1214 281 1259 hominum
297 1206 383 1265 creasse.
432 1214 476 1260 Sed
491 1213 548 1259 nulla
563 1213 629 1257 etiam

33 1282 126 1342 amplius
139 1296 261 1343 pugna‚1
246 1280 261 1327 fi
276 1275 403 1336 statuamus,
419 1297 466 1328 eos
476 1296 521 1327 non
537 1280 629 1342 quidem
668 1288 672 1295 ‘

31 1352 161 1406 supleat
118 1365 185 1407 genus
193 1351 319 1404 bominum,
333 1350 371 1397 sed
380 1365 444 1396 vnum
450 1350 567 1410 bominem
577 1363 629 1394 eum

32 1430 105 1464 tamen
116 1417 228 1478 bicipitem
238 1417 329 1472 finxisse,
348 1418 451 1465 bonitatis
462 1417 525 1463 sensu
533 1432 561 1470 ex
571 1416 628 1462 soln-

31 1486 142 1531 tillavitae
153 1486 289 1546 praeditum,
305 1501 380 1533 contra
395 1501 425 1535 ex
440 1486 494 1546 limo
507 1484 629 1545 maiignita

31 1555 59 1600 tis
70 1554 181 1599 materiem
191 1555 282 1600 natium.
317 1557 412 1617 Eratque
424 1564 487 1600 certe
500 1553 545 1599 hoc
554 1568 594 1615 per
606 1551 630 1600 se

32 1621 180 1684 consequens,
195 1623 284 1684 quando
293 1624 353 1686 prius
366 1623 431 1671 semel
440 1621 565 1685 posuissent,
597 1615 600 1621 ’

78 1760 189 1805 ¹Vidimus
195 1760 276 1819 itaque,
285 1761 401 1822 quomodo
411 1774 501 1822 negatae
510 1776 522 1807 a
532 1761 628 1807 Saturni-

31 1844 62 1874 no
72 1827 230 1875 resutredionis
241 1830 311 1875 camis‘
318 1828 377 1886 fides
390 1844 441 1875 cum
457 1829 527 1876 fabula
538 1831 583 1875 eius
598 1830 628 1875 de

31 1911 105 1944 creato
117 1895 207 1942 homiae
217 1897 341 1949 cohaereat.
375 1897 461 1961 Quibus
475 1913 533 1949 nunc
544 1895 630 1959 potiffi-

32 1981 93 2011 mum
102 1964 232 2025 argumentis
242 1981 270 2012 ex
276 1964 392 2027 Scripturis
401 1981 448 2011 eam
459 1967 629 2045 oppugnauerit,

32 2047 69 2079 aut
82 2033 198 2094 quomodo
207 2035 301 2081 rationes
312 2033 490 2080 orthodoxorum
502 2035 567 2080 exiis
578 2034 629 2081 alla-

29 2115 64 2148 tas
73 2100 195 2157 retorserit,
210 2117 255 2150 non
258 2087 348 2167 liquet,
363 2101 401 2150 etsi
413 2102 527 2167 probabile
537 2095 568 2157 fit,
578 2117 630 2148 eum

34 2194 36 2196 >
118 2183 127 2192 “·
308 2170 386 2262 K3
533 2169 633 2229 ‘com-p
704 2174 706 2177 ’

62 2260 81 2332 t)
94 2279 109 2328 l.
120 2286 140 2325 et'
150 2294 167 2324 c.
180 2279 223 2325 tiu
