1439 2580
100 79 131 135 68
238 42 570 139 rinn‘s'nocnaris

101 203 271 250 renouationem
292 214 333 261 per
360 200 479 247 liberorum
505 202 700 281 procreationem

103 273 149 318 aliis
174 270 325 316 liberationem
342 269 491 315 israelitarum
518 284 547 315 ex
566 272 701 332 captiuitate,

102 340 214 386 abutendo
220 338 343 387 Ezechielis
340 341 470 403 αλληγω
452 352 486 382 ur
484 336 501 394 ¹)
508 337 590 389 ;rursus'
601 340 646 384 aliis
656 340 702 384 ani-

103 407 136 453 mi
147 406 348 467 regenerationem,
366 407 453 450 tandem
464 385 555 467 implius
570 406 616 451 aliis
630 407 701 452 resur·

105 474 224 522 reclionem
235 489 354 534 corporum
369 470 545 518 resurresiionem
556 472 634 518 christi
648 491 701 536 pro·

106 545 168 590 xime
178 543 290 603 l'eqnu‘tam
301 540 433 588 intellexisse.
467 542 547 601 Magna
558 540 663 597 dissensio,
674 554 701 589 -vt

106 625 179 675 pater,
205 608 422 670 nequefacilisinter
435 620 469 654 tor
485 608 601 669 opiniones
615 611 701 661 elesiio

61 728 63 731 .
106 681 133 728 Id
145 680 234 740 quidem
247 677 310 737 plane
321 675 469 721 certummln
480 676 521 731 esi
537 693 575 722 eos
589 678 702 746 perhanc,

108 763 173 810 quain
188 744 310 806 fingebant,
326 742 503 790 resurrectionem
511 760 556 791 non
565 749 702 805 procreatio·

105 831 160 861 nem
171 815 289 858 liberorum
299 810 436 856 intellexisse:
455 813 526 867 Amat,
537 828 580 857 non
589 830 655 875 nego,
667 817 700 860 in

103 884 197 944 genium
212 883 349 940 optimorum
364 879 508 938 Scriptorum,
517 880 579 925 vsum
592 883 655 928 verbi
665 899 701 933 re,-

100 949 246 997 ³t1iuiscereer
255 945 366 1010 resurgere
375 946 490 1006 figuratum
500 947 522 992 in
535 947 574 993 islo
586 965 701 1011 argumen-

75 1041 77 1043 ·
102 1025 145 1071 to,
162 1031 187 1064 ve
198 1016 253 1062 adeo
267 1014 426 1075 imaginationis
439 1017 462 1060 vi
475 1028 550 1076 captus
562 1019 701 1076 Hymenaeus

101 1093 161 1134 ‘cum
168 1085 228 1132 socio
238 1083 276 1129 suo
288 1085 352 1127 etiam
362 1084 452 1144 proprie
463 1083 581 1142 defendere
592 1089 701 1147 potuerit!

100 1152 162 1206 fSed,
179 1150 383 1200 siliocvoluislent,
399 1151 478 1216 credo,
493 1152 623 1212 Apostolum
633 1156 702 1201 dieiu-

108 1237 158 1269 rum
168 1220 241 1272 fiiisle,
258 1217 411 1264 resurrectione
400 1233 434 1261 m
447 1217 525 1265 nar-'u
510 1234 576 1283 wan
592 1237 701 1283 κατημε

108 1306 158 1355 pm,
168 1289 230 1350 fingit
231 1287 254 1331 lis
262 1284 328 1339 iniis,
346 1284 437 1344 quotidie
445 1285 500 1339 fieri,
515 1303 565 1331 cum
576 1305 634 1346 nunc
645 1293 701 1338 clare

107 1359 137 1403 ile
150 1374 173 1404 re
183 1359 247 1418 piane
256 1354 371 1414 praeterita
381 1354 494 1415 loquatur,
511 1370 557 1399 eam
568 1349 659 1409 niniam
670 1358 701 1404 fa-

108 1427 162 1472 elem
172 1425 220 1472 elle.
254 1424 328 1482 Atque
337 1422 382 1466 hoc
393 1422 452 1467 idem
462 1422 566 1500 impedit,
583 1426 701 1483 quominus

108 1508 145 1548 ea,
171 1507 235 1552 quam
245 1490 330 1535 tertiam
342 1486 491 1549 posuimus,
486 1494 636 1551 interpretatio
652 1510 700 1542 vera

102 1561 151 1607 'elle
161 1557 237 1621 pollit,
254 1572 306 1603 cum
314 1557 352 1601 hic
361 1555 431 1601 sensus
439 1555 573 1631 postulasset,
587 1574 610 1604 vt
619 1557 657 1622 ipfi
668 1564 701 1609 di

98 1642 196 1682 nerent,
212 1619 377 1688 rfficriesiionem
395 1623 515 1683 qnotidie
505 1640 528 1669 m
548 1626 639 1673 natilibus
650 1629 702 1689 fieri

109 1699 194 1751 dehere,
210 1707 269 1740 aut
255 1691 269 1737 s
271 1692 322 1738 mile
335 1691 400 1752 quid,
416 1706 438 1736 et
450 1691 579 1752 Apostolum
591 1697 620 1740 ob
633 1697 701 1745 sidem

62 1762 64 1767 ’
108 1762 235 1812 narrationis
241 1761 321 1822 dogma
330 1774 407 1805 eorum
416 1760 456 1805 hac
466 1773 503 1805 aut
511 1758 573 1819 fimili
583 1764 701 1814 verborum

110 1827 305 1895 comprehenfione
314 1828 441 1891 recenseret.
476 1830 544 1891 Quod
550 1846 622 1890 porro
631 1835 657 1879 ad
669 1836 701 1880 ci·

99 1903 178 1949 'uilem
191 1900 321 1947 Iudaeorum
337 1895 514 1941 resurrectionem
529 1899 618 1952 attinet,
637 1916 648 1945 a
664 1902 701 1946 Vi

112 1967 185 2027 mitiga
203 1967 223 2025 2)
242 1965 291 2027 post
312 1963 421 2022 Pelagium
435 1963 452 2021 3)
471 1965 623 2044 explicationis
639 1970 700 2016 causa

112 2035 182 2101 quaes
183 2048 240 2087 tum,
254 2033 341 2080 adosio
359 2047 426 2093 atque
438 2033 559 2078 exercitato
579 2032 700 2103 interprete

97 2105 99 2111 ’
546 2111 573 2137 V
635 2108 664 2151 V.
671 2108 700 2162 Τ

137 2172 155 2217 1)
169 2183 185 2208 c.
198 2164 261 2209 XVII·¹
636 2204 639 2212 .,

137 2240 158 2286 a)
171 2233 263 2290 obseruas.
270 2229 324 2286 μιν,
335 2226 367 2272 lib.
377 2230 411 2271 1v.
420 2245 435 2271 e.
441 2244 459 2282 9¹
467 2242 487 2286 p.
494 2240 539 2283 955.
600 2248 602 2251 ·
657 2228 659 2230 ’

129 2313 159 2362 3)
172 2307 194 2346 in
203 2303 335 2346 cnrrmrenturio
344 2302 373 2343 ars
381 2301 418 2355 Epi
432 2302 472 2343 elur
482 2297 544 2340 Pauli.
