1439 2580
137 144 139 155 t
171 99 539 185 -r·una.·rA-r1.o..
597 176 605 179 ᾖ
648 107 672 171 3.

47 241 208 311 facilitatem,
234 249 299 315 quae
319 252 378 293 tum
393 257 426 293 ex
441 236 524 311 ipsrusr
536 240 660 294 orationis

46 322 238 393 perspicuitate,
253 313 326 372 'tum
345 323 378 372 eri
398 317 489 372 ordine
509 322 660 374 narrationis

46 401 135 451 oritur.
175 396 224 451 Sed
234 397 298 450 haec
308 395 361 450 aliis
373 399 466 449 maiori
477 414 538 448 cum
550 394 660 450 austori-

45 488 98 529 tatc
109 476 218 529 dicenda
226 473 352 547 relinqua.
392 476 485 526 Dicam
495 477 581 543 potius
596 473 668 544 hoc,
705 514 706 518 ,

6 589 7 592 =
46 550 124 625 quam
134 552 207 607 valde
216 552 359 622 optandum
369 551 469 618 esset,vt
478 550 562 620 plures
568 552 658 604 Theo-

26 681 28 684 Α
45 630 113 700 logi,
133 635 207 700 copia
218 627 335 703 lectionis
343 641 371 682 vt
386 627 512 682 librorum
520 627 667 682 “abuudan-

44 709 97 775 tes,
114 707 259 777 linguarum
269 702 488 776 peritia'instrudbi,
507 708 534 757 in
543 705 658 759 iudican-

10 776 11 779 ¹
44 784 80 837 do
90 788 196 855 integri,
215 784 314 855 piures,
334 781 611 850 vnovctb0,=Semieri,
629 786 657 837 in

42 880 119 916 vnam
133 860 200 935 quasi
219 863 369 931 societatem
385 861 522 933 ¹historicae
537 859 656 913 Theolo-

42 940 99 1009 giae
111 939 308 1010 ‘promouendae
324 939 398 992 causa
415 940 525 1007 coirent,
545 941 655 1010 quisque

41 1015 88 1070 fibi
97 1030 196 1088 partem
212 1017 324 1089 aliquam
333 1016 516 1086 perficiendam
533 1017 654 1085 sumeret,

41 1093 72 1148 ab
82 1092 239 1148 vniuerfitate
250 1097 369 1147 onmium
379 1092 497 1163 deinceps
508 1097 654 1147 examinan-

41 1164 102 1226 dam
117 1185 194 1245 atque
210 1170 243 1225 fic
255 1173 364 1224 demum
376 1171 482 1241 posteris
493 1171 652 1226 tradendam.

41 1255 78 1303 Ita
96 1248 213 1320 profesto
227 1249 314 1303 sutura
323 1262 395 1324 aetas
404 1247 529 1319 haberet,
557 1253 584 1302 in
597 1268 652 1322 quo

40 1328 116 1380 huius
126 1331 164 1380 rei
179 1329 252 1380 causa
264 1337 330 1379 tcum
343 1327 456 1397 tripudio
467 1329 652 1400 acquiesceret,

2 1467 4 1472 Ι
40 1407 136 1473 nostra,
155 1409 182 1458 in
196 1409 326 1478 quocum
340 1422 434 1474 magno
449 1408 487 1457 rei
502 1405 653 1460 christianae

37 1481 124 1536 srustu
134 1482 282 1536 elaboraret.
321 1486 412 1555 Neque
423 1486 492 1535 enim
503 1483 651 1546 verendum,

38 1579 70 1613 ne
79 1562 221 1614 institutum
231 1561 368 1626 eiusmodi,
387 1561 561 1634 quodcunque
571 1565 667 1616 etiam

38 1639 176 1707 efficiatur,
199 1651 272 1692 verae
289 1638 406 1713 religioni
423 1642 450 1692 in
464 1639 656 1695 detrimentum.

39 1716 125 1784 cedat,
150 1714 225 1770 nobis
241 1717 361 1790 quidem,
381 1714 498 1789 >quorum
512 1718 575 1771 fides
594 1728 649 1777 non

37 1793 68 1853 ab
79 1790 216 1847 hominum
226 1793 329 1848 arbitrio
335 1793 385 1848 sruc
395 1794 505 1867 aliorum
513 1795 649 1868 persuasio-

37 1891 70 1925 ne
80 1872 182 1943 pendet,
193 1875 376 1944 scripturarum
395 1873 540 1928 diuinarum
556 1873 648 1929 funda-

37 1965 126 2014 mento
138 1950 245 2004 firmiter
254 1954 354 2012 innixa3
373 1951 417 2005 etfi
427 1953 479 2006 hoc
488 1953 565 2007 video
570 1997 578 2022 ,
598 1972 652 2008 nos*

36 2046 89 2089 non
98 2029 239 2082 monachos
249 2027 425 2084 Benedidinos
437 2029 578 2085 Parisienses
586 2031 647 2102 effe,
710 2043 711 2050 ’

36 2106 129 2179 quibus
143 2110 208 2160 vitae
222 2108 449 2164 commoditatibus
459 2110 577 2179 ,taedium
587 2111 647 2164 scri-

36 2184 114 2238 bendi
123 2185 264 2239 admodum
280 2185 415 2255 leniretur,
434 2201 511 2260 atque
528 2188 647 2242 difficilli-

34 2266 83 2317 mis
99 2263 149 2316 istis
162 2262 322 2335 temporibus
337 2268 437 2335 viuere,
462 2264 555 2339 quibus
570 2265 645 2321 facile

34 2340 354 2397 estinhaereseoscrimen
364 2347 459 2415 vocari,
469 2343 513 2401 nifi
523 2338 554 2402 srs
562 2346 646 2407 dacem,
695 2352 698 2358 “

355 2425 414 2492 A3
619 2436 648 2479 vt
